<?xml version="1.0" encoding="UTF-8"?><record xmlns="http://www.loc.gov/MARC21/slim" xmlns:cinclude="http://apache.org/cocoon/include/1.0" xmlns:zs="http://www.loc.gov/zing/srw/">
  <leader>01105cz  a2200229n  4500</leader>
  <controlfield tag="001">n  92087823 </controlfield>
  <controlfield tag="003">DLC</controlfield>
  <controlfield tag="005">19960319134252.3</controlfield>
  <controlfield tag="008">920901n| acaabaaa|          |a ana |||  </controlfield>
  <datafield tag="010" ind1=" " ind2=" ">
    <subfield code="a">n  92087823 </subfield>
  </datafield>
  <datafield tag="040" ind1=" " ind2=" ">
    <subfield code="a">DLC</subfield>
    <subfield code="c">DLC</subfield>
    <subfield code="d">DLC</subfield>
  </datafield>
  <datafield tag="130" ind1=" " ind2="0">
    <subfield code="a">Perspectives on the news</subfield>
  </datafield>
  <datafield tag="410" ind1="2" ind2="0">
    <subfield code="a">Twentieth Century Fund.</subfield>
    <subfield code="t">Perspectives on the news</subfield>
  </datafield>
  <datafield tag="430" ind1=" " ind2="0">
    <subfield code="w">nne</subfield>
    <subfield code="a">Perspectives on the news series</subfield>
  </datafield>
  <datafield tag="643" ind1=" " ind2=" ">
    <subfield code="a">New York</subfield>
    <subfield code="b">Twentieth Century Fund Press</subfield>
  </datafield>
  <datafield tag="644" ind1=" " ind2=" ">
    <subfield code="a">f</subfield>
    <subfield code="5">DLC</subfield>
  </datafield>
  <datafield tag="645" ind1=" " ind2=" ">
    <subfield code="a">t</subfield>
    <subfield code="5">DLC</subfield>
  </datafield>
  <datafield tag="646" ind1=" " ind2=" ">
    <subfield code="a">s</subfield>
    <subfield code="5">DLC</subfield>
  </datafield>
  <datafield tag="670" ind1=" " ind2=" ">
    <subfield code="a">Rosen, J. The new news v. the old news, 1992:</subfield>
    <subfield code="b">CIP t.p. (Perspectives on the news series; [number not given]) book t.p. (Perspectives on the news; [number not given]) foreword (first vol. of ser.)</subfield>
  </datafield>
  <datafield tag="670" ind1=" " ind2=" ">
    <subfield code="a">Friedland, L.A. Covering the world, c1992:</subfield>
    <subfield code="b">CIP t.p. (Perspectives on the news) data sheet (series number: 2) book (number appears only in CIP cataloging data)</subfield>
  </datafield>
  <datafield tag="670" ind1=" " ind2=" ">
    <subfield code="a">Phone call to Twentieth Century Fund Press, 11-16-92</subfield>
    <subfield code="b">(Perspectives on the news series; numbered)</subfield>
  </datafield>
  <datafield tag="670" ind1=" " ind2=" ">
    <subfield code="a">Dill, B. At what price? c1993:</subfield>
    <subfield code="b">CIP data sheet (Perspectives on the news; [number not given])</subfield>
  </datafield>
</record>